DVM ID,Account Name,Billing State/Province,Account Owner,Lead Source,Additional Providers,Go-Live Date,Training Done,ttt,inbound,competitive,bracket,revenue
90099,"Cape Veterinary, PC",Maine,Sarah Mills,Cold Call,No Online Pharmacy,6/3/15,6/9/15,6,0,1,0-500,0
82002,Maple Lane Veterinary Clinic,Virginia,Brian Kelly,PST,,5/28/15,6/8/15,11,0,0,0-500,0
93464,Coastal Equine Veterinary Services,Virginia,Brian Kelly,Manufacturer Referral,Webster/VetSource,5/20/15,5/21/15,1,0,1,0-500,0
112542,"Animal Wellness Concepts, Inc.",Florida,Wendy Bouton,VFC List,MWI/ProxyRx,5/16/15,5/15/15,0,0,1,0-500,0
113028,"At Home Veterinary Services, PLLC",Michigan,Sarah Mills,Practice Web Inquiry,,5/16/15,5/20/15,4,1,0,0-500,0
112802,"Vet At Your Door, P.C.",Maine,Sarah Mills,,,5/13/15,5/15/15,2,0,0,0-500,0
112733,"Hillview Veterinary Clinic, Inc.",Ohio,Sarah Mills,Practice Web Inquiry,,5/13/15,5/27/15,14,1,0,0-500,0
88806,"McCumons Veterinary Services, PC",Michigan,Sarah Mills,Practice Web Inquiry,MyVetStoreOnline,5/12/15,5/20/15,8,1,1,0-500,0
87051,"Kevin P. Smith DVM, P.S.C",Kentucky,Brian Kelly,,,5/12/15,5/21/15,9,0,0,0-500,0
112661,"DownHome Veterinary Clinic, LLC",Indiana,Jennifer Stanton,Practice Web Inquiry,,5/8/15,5/18/15,10,1,0,0-500,0
95771,"Silver Kennels & Veterinary Clinic, Inc.",Michigan,Sarah Mills,,VetStreet/Pet Portals,5/8/15,5/28/15,20,0,1,0-500,0
104056,"Hardin Valley Animal Hospital, LLC",Tennessee,Jennifer Stanton,Practice Phone Inquiry,,5/7/15,5/8/15,1,1,0,0-500,0
82577,NVA -Texas Star Veterinary PC,Texas,Jennifer Stanton,,,5/7/15,5/13/15,6,0,0,0-500,0
88564,"Grand Rapids Veterinary Clinic, Inc",Minnesota,Sarah Mills,Trade Show,VetStreet/Pet Portals,5/7/15,5/18/15,11,1,1,0-500,0
112470,"Four Paws Mobile Veterinary Service, LLC",South Carolina,Wendy Bouton,PST,,5/4/15,5/6/15,2,0,0,0-500,0
5392,Frey Pet Hospital PLC,Iowa,Sarah Mills,Cold Call,Webster/VetSource,5/4/15,5/29/15,25,0,1,0-500,0
2332,Farm & Pet Veterinary Care,Michigan,Sarah Mills,,,4/24/15,5/5/15,11,0,0,0-500,449
3461,"Pet Partners of Naugatuck, LLC",Connecticut,Sarah Mills,Practice Web Inquiry,,4/23/15,4/30/15,7,1,0,0-500,0
82470,"Ahwatukee Animal Care Hospital, LLC",Arizona,Jennifer Stanton,Practice Web Inquiry,,4/23/15,4/30/15,7,1,0,0-500,0
91368,"Veterinary Practice Partnership, LLC",Tennessee,Jennifer Stanton,,,4/23/15,4/30/15,7,0,0,0-500,240
84871,March Engagement at Pelican Point LLC,Florida,Wendy Bouton,Practice Web Inquiry,Butler/MyVetDirect,4/23/15,5/4/15,11,1,1,0-500,0
87923,"Russell Veterinary Hospital, P.C.",Pennsylvania,Jean Murphy,Trade Show,MWI/ProxyRx,4/23/15,5/14/15,21,1,1,0-500,0
111959,"Little Red Dog Enterprises, Inc.",Alabama,Wendy Bouton,,No Online Pharmacy,4/17/15,4/20/15,3,0,1,0-500,104
93586,"Bowling & Burdick, PSC",Kentucky,Brian Kelly,Trade Show,Butler/MyVetDirect,4/17/15,5/6/15,19,1,1,0-500,0
91992,"Green Vet, Inc.",California,Jean Murphy,Practice Web Inquiry,,4/16/15,4/9/15,0,1,0,0-500,316
86073,"Pet Partners of Hutchinson, LLC",Kansas,Jennifer Stanton,,,4/16/15,4/14/15,0,0,0,0-500,77
111806,Bluemoon Veterinary Services,Texas,Jennifer Stanton,Practice Web Inquiry,,4/16/15,4/20/15,4,1,0,0-500,39
5801,"Samanowitz, Inc.",Florida,Wendy Bouton,,,4/15/15,4/1/15,0,0,0,0500-1000,969
89408,"Granger Veterinary Hospital, Ltd.",Ohio,Sarah Mills,Trade Show,,4/15/15,4/21/15,6,1,0,0-500,235
92398,Highland Animal Clinic PSC,Washington,Jean Murphy,Practice Web Inquiry,,4/13/15,6/1/15,49,1,0,0-500,0
103372,Royal Oaks Veterinary Hospital LLC,Florida,Wendy Bouton,Manufacturer Referral,,4/10/15,4/10/15,0,0,0,0-500,432
86324,South 31 Veterinary Clinic,Indiana,Jennifer Stanton,Trade Show,,4/10/15,4/17/15,7,1,0,0-500,99
111695,"Republic Animal Hospital, Inc",Missouri,Wendy Bouton,Practice Web Inquiry,VetStreet/Pet Portals,4/10/15,4/23/15,13,1,1,0-500,75
81956,"San Juan Veterinary Hospital, Inc.",New Mexico,Jennifer Stanton,Trade Show,MWI/ProxyRx,4/10/15,4/23/15,13,1,1,0-500,0
3386,"Orchid Springs Animal Hospital, PA",Florida,Wendy Bouton,Practice Referral,Webster/VetSource,4/10/15,4/24/15,14,1,1,0-500,131
111581,"Harmony Animal Hospital, LLC",Georgia,Wendy Bouton,Practice Web Inquiry,,4/10/15,4/24/15,14,1,0,0-500,0
109361,"Rankin Animal Clinic, PC",Alabama,Wendy Bouton,Trade Show,Webster/VetSource,4/10/15,5/13/15,33,1,1,0-500,0
81442,"Macpherson Veterinary Services, Inc.",Vermont,Wendy Bouton,Trade Show,MWI/ProxyRx,4/10/15,5/28/15,48,1,1,0-500,293
91160,"Spring Garden Equine Clinic, Inc",Florida,Wendy Bouton,Luitpold Pilot Practice,,4/8/15,4/6/15,0,0,0,0-500,0
111427,"Kings Veterinary Hospital, Inc",Ohio,Sarah Mills,Trade Show,,4/2/15,4/16/15,14,1,0,0500-1000,832
111458,"Abernathy Veterinary Services, LLC",Colorado,Jean Murphy,Practice Web Inquiry,,4/2/15,4/20/15,18,1,0,0-500,126
92400,"Warrick Veterinary Clinic Newburgh Plaza, Inc.",Indiana,Jennifer Stanton,,,4/1/15,4/22/15,21,0,0,0-500,0
80030,"Warrick Veterinary Clinic, Inc.",Indiana,Jennifer Stanton,,,4/1/15,4/22/15,21,0,0,0-500,169
111369,"Mobile Pet Vax, PLLC",Texas,Jennifer Stanton,Practice Web Inquiry,,3/31/15,4/2/15,2,1,0,0-500,222
92924,"The Cat Doctor, SC",Wisconsin,Jennifer Stanton,Practice Web Inquiry,,3/31/15,4/7/15,7,1,0,0-500,99
111373,Jonathan Reiss DVM PLLC,Virginia,Brian Kelly,Practice Web Inquiry,,3/31/15,4/14/15,14,1,0,1000-2000,1766
111140,"Bracken Equine Clinic, PC",Texas,Jennifer Stanton,VFC List,,3/30/15,3/31/15,1,0,0,1000-2000,1472
111324,Kare Bear's Cuddly Paws Mobile Vet,Georgia,Wendy Bouton,Trade Show,,3/30/15,4/3/15,4,1,0,0-500,77
101052,"Grand Prix Equine, LLC",Connecticut,Sarah Mills,Luitpold Pilot Practice,,3/30/15,4/10/15,11,0,0,2000-3000,2739
96639,Krall & Tollon PA,Florida,Wendy Bouton,Practice Referral,Webster/VetSource,3/27/15,4/3/15,7,1,1,0-500,499
83394,Belle Forest Animal Hospital,Tennessee,Jennifer Stanton,VFC List,,3/27/15,4/7/15,11,0,0,1000-2000,1604
111258,Twist Junction Veterinary Services,Texas,Jennifer Stanton,,,3/27/15,4/8/15,12,0,0,0-500,0
93472,Mapleview Animal Clinic PC,Nebraska,Melissa Lasher,Cold Call,,3/27/15,5/14/15,48,0,0,0500-1000,923
84674,"Riversbend Animal Hospital, P.C.",Michigan,Sarah Mills,Trade Show,,3/26/15,4/15/15,20,1,0,0-500,0
103602,Seven Oaks Pet Hospital,Florida,Wendy Bouton,Trade Show,,3/25/15,3/26/15,1,1,0,0-500,385
89028,Cat Hospital of Ocean County Inc.,New Jersey,Jean Murphy,Practice Web Inquiry,,3/25/15,3/27/15,2,1,0,0-500,0
3373,Forest Park Veterinary Clinic,Ohio,Sarah Mills,Trade Show,Webster/VetSource,3/25/15,6/4/15,71,1,1,0-500,0
111134,"Natural Vet Palm Beach, PL",Florida,Wendy Bouton,Practice Web Inquiry,,3/24/15,3/27/15,3,1,0,0-500,351
111133,Sara Lee Fouts,Tennessee,Jennifer Stanton,Facebook Ad,,3/24/15,3/30/15,6,1,0,0-500,0
82812,"Juniper Valley Animal Hospital, PC",New York,Jean Murphy,Trade Show,,3/24/15,4/15/15,22,1,0,0-500,331
2159,Animal Home Care,Indiana,Jennifer Stanton,,,3/24/15,4/16/15,23,0,0,0-500,0
111136,Henderson Equine Clinic,New York,Jean Murphy,Trade Show,,3/24/15,4/23/15,30,1,0,0-500,395
110551,Texas Star Veterinary PC,Texas,Jennifer Stanton,,,3/23/15,3/31/15,8,0,0,0-500,0
111069,"Little Miami Veterinary Service, Inc.",Ohio,Sarah Mills,Practice Web Inquiry,MWI/ProxyRx,3/23/15,4/13/15,21,1,1,0-500,220
84166,Feline Avian and Exotic Animal Hospital,Florida,Wendy Bouton,Trade Show,,3/23/15,4/20/15,28,1,0,0-500,0
111078,"Protect The Pets, LLC",Connecticut,Sarah Mills,,,3/23/15,5/11/15,49,0,0,0-500,0
110775,"NVA Florissant Animal Hospital, Inc.",Missouri,Wendy Bouton,Practice Web Inquiry,,3/22/15,3/25/15,3,1,0,0-500,0
95676,"NVA ABQ PetCare Veterinary Management, Inc.",New Mexico,Jennifer Stanton,VFC List,,3/22/15,3/25/15,3,0,0,0500-1000,999
111071,An Alternate Choice Veterinary,Ohio,Sarah Mills,Trade Show,,3/22/15,4/1/15,10,1,0,1000-2000,1075
82310,"Paw Prints Animal Hospital, Inc.",Kansas,Jennifer Stanton,Practice Phone Inquiry,,3/22/15,4/6/15,15,1,0,0-500,0
89218,Equine Veterinary Associates,Texas,Jennifer Stanton,,Webster/VetSource,3/22/15,4/16/15,25,0,1,0-500,53
111070,"Lake County Equine Practice, LLC",Illinois,Sarah Mills,Practice Phone Inquiry,,3/21/15,3/25/15,4,1,0,0-500,385
110986,Christine Storck DVM,Florida,Wendy Bouton,Practice Web Inquiry,,3/21/15,3/25/15,4,1,0,0-500,0
110936,Swannack Veterinary Service P.S.,Washington,Jean Murphy,Trade Show,,3/21/15,3/26/15,5,1,0,0-500,0
94580,Central Veterinary Hospital PC,Tennessee,Jennifer Stanton,Trade Show,,3/21/15,4/16/15,26,1,0,2000-3000,2735
83745,"Barbara A. Reeve, D.V.M.",Tennessee,Jennifer Stanton,,,3/19/15,3/18/15,0,0,0,0-500,333
110935,Mid Hudson Equine Veterinary Services of Highland PLLC,New York,Jean Murphy,,,3/19/15,3/24/15,5,0,0,0500-1000,850
90552,"Highland Veterinary Clinic, LLC",Oklahoma,Jennifer Stanton,,,3/19/15,3/30/15,11,0,0,0-500,0
86105,"Community Animal Hospital, PC",New York,Jean Murphy,,,3/17/15,3/19/15,2,0,0,2000-3000,2428
85255,"Pet Partners of Spooner, LLC",Wisconsin,Jennifer Stanton,Practice Referral,MWI/ProxyRx,3/17/15,4/23/15,37,1,1,0-500,0
91103,"Pet Partners of Spooner, LLC",Wisconsin,Jennifer Stanton,Practice Referral,MWI/ProxyRx,3/17/15,4/23/15,37,1,1,0-500,0
91305,"Standish Veterinary Hospital, PC, PA",Maine,Sarah Mills,,,3/12/15,3/12/15,0,0,0,3000-4000,3394
85329,"NVA All Creatures Veterinary Services, Inc.",Arizona,Jennifer Stanton,,,3/12/15,3/16/15,4,0,0,0-500,0
110783,"Nash Animal Hospital, LLC",Ohio,Sarah Mills,VFC List,,3/12/15,3/18/15,6,0,0,3000-4000,3535
110811,"Asbury Equine Veterinary, LLC",Florida,Wendy Bouton,Trade Show,,3/12/15,3/26/15,14,1,0,0-500,185
110812,"Holistic Veterinary Center, LLC",Florida,Wendy Bouton,,,3/12/15,3/27/15,15,0,0,0500-1000,736
96977,Brown Veterinary Service,West Virginia,Brian Kelly,Trade Show,MWI/ProxyRx,3/12/15,5/5/15,54,1,1,0-500,0
110602,"House Paws Vet Services, LLC",Indiana,Jennifer Stanton,Trade Show,,3/6/15,3/24/15,18,1,0,0-500,97
110547,Sunrise Veterinary Services and Missions,New York,Jean Murphy,Practice Web Inquiry,,3/4/15,3/5/15,1,1,0,0-500,100
110193,"In The Pink Mobile Pet Care, LLC",Michigan,Melissa Lasher,Practice Web Inquiry,,3/4/15,3/5/15,1,1,0,4000+,4329
4463,Davis Veterinary Service PC,Indiana,Jennifer Stanton,,,3/4/15,3/16/15,12,0,0,0-500,145
102924,Colony Plaza Animal Hospital PA,Florida,Wendy Bouton,,,3/3/15,3/3/15,0,0,0,0500-1000,832
2506,Oro Valley Pet Clinic,Arizona,Jennifer Stanton,Practice Web Inquiry,,3/3/15,3/11/15,8,1,0,1000-2000,1798
4446,Davis Veterinary Service PC,Indiana,Jennifer Stanton,,,3/3/15,3/16/15,13,0,0,1000-2000,1308
110247,"Conner Veterinary Services, Inc.",Tennessee,Jennifer Stanton,Practice Web Inquiry,,3/3/15,3/18/15,15,1,0,0-500,145
94333,Adoring Pets Veterinary Health Center,New York,Jean Murphy,Trade Show,,3/3/15,6/4/15,93,1,0,0-500,0
94724,"Florida Equine Veterinary Services, Inc.",Florida,Wendy Bouton,Cold Call,,2/27/15,3/5/15,6,0,0,0-500,260
84860,"Premier Veterinary Center, LLC",Minnesota,Sarah Mills,Trade Show,,2/27/15,3/9/15,10,1,0,0-500,171
94373,Arcata Animal Hospital,California,Jean Murphy,Trade Show,,2/27/15,3/11/15,12,1,0,1000-2000,1118
87752,"Cypress Animal Hospital, Inc.",California,Jean Murphy,Trade Show,,2/26/15,2/25/15,0,1,0,1000-2000,1465
110320,"On a Roll Housecalls, LLC",Indiana,Jennifer Stanton,Trade Show,,2/26/15,3/5/15,7,1,0,0-500,158
80046,Alexandria Pike Animal Hospital P.S.C.,Kentucky,Brian Kelly,Trade Show,,2/26/15,3/6/15,8,1,0,0-500,203
80317,"Wiseman Animal Hospital, LLC",Arizona,Jennifer Stanton,Trade Show,,2/26/15,3/30/15,32,1,0,0-500,56
85591,River City Veterinary Corporation,Florida,Wendy Bouton,Trade Show,,2/25/15,3/4/15,7,1,0,4000+,7154
109707,Will Rosenbaum DVM,Florida,Wendy Bouton,Practice Web Inquiry,,2/24/15,2/12/15,0,1,0,0-500,0
110244,Animal Care of Oradell,New Jersey,Jean Murphy,Practice Web Inquiry,,2/24/15,2/27/15,3,1,0,2000-3000,2952
109054,"Dr. Johnson's Mobile Veterinary Service, LLC",Virginia,Brian Kelly,Facebook Ad,,2/23/15,2/18/15,0,1,0,0-500,235
110182,"Affordable Vet Care, LLC",Florida,Wendy Bouton,Trade Show,,2/23/15,2/25/15,2,1,0,0-500,39
84379,"New England Cat Care, LLC",Connecticut,Sarah Mills,Practice Phone Inquiry,,2/23/15,2/26/15,3,1,0,4000+,4167
103788,"Lincolnway Veterinary Clinic, LLC",Indiana,Jennifer Stanton,Practice Web Inquiry,,2/23/15,3/2/15,7,1,0,1000-2000,1628
110212,"Coastal Animal Care, Inc.",Maine,Sarah Mills,Practice Web Inquiry,,2/23/15,3/3/15,8,1,0,0500-1000,998
103959,"Dublin Veterinary Clinic, Inc",Pennsylvania,Jean Murphy,,,2/23/15,3/19/15,24,0,0,1000-2000,1876
97277,"Heekin Animal Hospital, LLC",Kentucky,Brian Kelly,Practice Phone Inquiry,,2/22/15,2/23/15,1,1,0,0-500,0
93880,Two Rivers Veterinary Clinic,Oregon,Jean Murphy,Practice Web Inquiry,,2/22/15,2/26/15,4,1,0,0-500,110
83917,"Gentle Care Animal Hospital, Inc.",Missouri,Wendy Bouton,Practice Web Inquiry,,2/20/15,3/4/15,12,1,0,1000-2000,1323
82023,"Crossroads Animal Hospital, LLC",Michigan,Sarah Mills,,VetStreet/Pet Portals,2/20/15,3/5/15,13,0,1,0500-1000,734
79859,Glen Ellyn Animal Hospital,Illinois,Sarah Mills,Lead List,Butler/MyVetDirect,2/17/15,2/16/15,0,0,1,2000-3000,2281
109837,"Spartan Veterinary Services, LLC",Wisconsin,Jennifer Stanton,Practice Referral,,2/17/15,2/24/15,7,1,0,0-500,257
3965,"INK2K9, Inc.",Illinois,Sarah Mills,,,2/17/15,2/26/15,9,0,0,0-500,358
82609,"Memorial Drive Veterinary Clinic, PC",Georgia,Wendy Bouton,,VetStreet/Pet Portals,2/16/15,2/12/15,0,0,1,2000-3000,2061
89342,"University Animal Hospital, P.A.",Florida,Wendy Bouton,Practice Web Inquiry,Butler/MyVetDirect,2/16/15,3/9/15,21,1,1,2000-3000,2515
102462,Edgefield Veterinary Clinic,South Carolina,Wendy Bouton,Trade Show,,2/13/15,2/6/15,0,1,0,0-500,0
109706,AVS Equine Medical & Surgical Hospital,Florida,Wendy Bouton,Manufacturer Referral,,2/13/15,2/11/15,0,0,0,0-500,0
109684,"Dr. Mitchel Bendit DVM, PA",Florida,Wendy Bouton,Trade Show,Butler/MyVetDirect,2/13/15,2/12/15,0,1,1,0-500,348
94534,Terry V Eades,South Carolina,Wendy Bouton,Practice Web Inquiry,Webster/VetSource,2/13/15,4/24/15,70,1,1,1000-2000,1695
84940,Whitlow Veterinary Associates,Georgia,Wendy Bouton,Trade Show,,2/13/15,5/12/15,88,1,0,0-500,0
103013,"Delta Veterinary Services, LLC",Arkansas,Wendy Bouton,Practice Web Inquiry,MWI/ProxyRx,2/11/15,2/13/15,2,1,1,0-500,274
2800,"Home Care Veterinary, PC",New York,Jean Murphy,,,2/11/15,3/16/15,33,0,0,0-500,69
90823,"ACC Tupelo, LLC",Mississippi,Wendy Bouton,Trade Show,,2/9/15,2/6/15,0,1,0,1000-2000,1418
109583,"VETMED Consultants, Inc.",Arizona,Jennifer Stanton,,,2/9/15,2/13/15,4,0,0,0-500,144
104796,"Three Trees Veterinary Services, LLC",Georgia,Wendy Bouton,Practice Referral,MWI/ProxyRx,2/9/15,2/17/15,8,1,1,0500-1000,714
83984,Hanover Park Animal Hospital Ltd.,Illinois,Sarah Mills,Trade Show,,2/9/15,2/17/15,8,1,0,1000-2000,1074
85797,"Reeves Veterinary Clinic, LLC",Texas,Jennifer Stanton,Trade Show,,2/9/15,3/3/15,22,1,0,0-500,177
109650,Veterinary Eye Specialists of Nebraska,Nebraska,Jennifer Stanton,Cold Call,,2/8/15,2/4/15,0,0,0,0-500,0
94947,"Deepwood Veterinary Clinic, Inc.",Virginia,Brian Kelly,Trade Show,,2/8/15,2/11/15,3,1,0,4000+,5582
98341,"Franklin Equine Services, LLC",Tennessee,Jennifer Stanton,Trade Show,,2/8/15,2/12/15,4,1,0,2000-3000,2162
94423,"Janet M Lee DVM, PA",Florida,Wendy Bouton,,,2/8/15,2/24/15,16,0,0,0500-1000,544
84923,Red Oak Animal Hospital,Kansas,Jennifer Stanton,Practice Web Inquiry,,2/8/15,3/19/15,39,1,0,0-500,102
109582,Woodward Veterinary Home Care PC,Michigan,Sarah Mills,Trade Show,,2/5/15,2/11/15,6,1,0,1000-2000,1180
4791,"Dr. Daniel A. Lauridia DVM, PC",New York,Jean Murphy,Practice Web Inquiry,,2/5/15,2/16/15,11,1,0,4000+,4072
109581,St. Francis Animal Hospital,Pennsylvania,Jean Murphy,Trade Show,,2/5/15,3/4/15,27,1,0,1000-2000,1104
109450,"Mathews Veterinary Services, PLLC",Florida,Wendy Bouton,Trade Show,,2/3/15,2/3/15,0,1,0,0-500,0
109304,"Pawfessional Mobile Vet, LLC",Kentucky,Brian Kelly,Practice Web Inquiry,,2/2/15,2/18/15,16,1,0,1000-2000,1962
109362,"Healing Hands Acupuncture, PLLC",Kentucky,Brian Kelly,Trade Show,,2/2/15,2/19/15,17,1,0,0-500,0
97920,"Mendon Village Animal Care, PC",New York,Melissa Lasher,Trade Show,Webster/VetSource,2/2/15,4/6/15,63,1,1,3000-4000,3195
86521,"NC Veterinary Services, PC",North Carolina,Brian Kelly,VFC List,,2/1/15,1/27/15,0,0,0,2000-3000,2756
109424,"Prickly Pear Holistic Veterinary Care, LLC",Arizona,Jennifer Stanton,,,2/1/15,2/4/15,3,0,0,0-500,0
109474,The Visiting Veterinarian,Florida,Wendy Bouton,Trade Show,,2/1/15,2/6/15,5,1,0,0-500,0
93944,"Freer Equine Mobile Veterinary Service, PLLC",North Carolina,Brian Kelly,Practice Web Inquiry,,2/1/15,2/23/15,22,1,0,2000-3000,2920
109584,"PALDVM, PC",New Mexico,Jennifer Stanton,Trade Show,,2/1/15,2/23/15,22,1,0,0-500,417
104238,East Carolina Veterinary Service,North Carolina,Brian Kelly,Trade Show,MWI/ProxyRx,2/1/15,2/27/15,26,1,1,1000-2000,1297
82599,Hilltop Animal Hospital LLC,Florida,Wendy Bouton,Trade Show,Webster/VetSource,2/1/15,3/30/15,57,1,1,0500-1000,843
76920,The Animal Medical Center of the Lowcountry,South Carolina,Wendy Bouton,Trade Show,,2/1/15,4/22/15,80,1,0,0-500,181
109331,Animal Medical Center,Indiana,Jennifer Stanton,Trade Show,,1/31/15,1/23/15,0,1,0,0-500,88
95385,"Animal Care Clinic of Bedford, PC",Indiana,Jennifer Stanton,Trade Show,,1/31/15,2/4/15,4,1,0,0-500,497
103202,"Dearborn Animal Hospital, Inc.",Georgia,Wendy Bouton,Trade Show,,1/28/15,1/19/15,0,1,0,4000+,4152
109043,"Clearlakes Animal Wellness Mgmt. At Skaneateles, Inc.",New York,Jean Murphy,Facebook Ad,,1/28/15,1/29/15,1,1,0,0500-1000,829
104591,Bryant Veterinary Clinic,Arkansas,Wendy Bouton,Practice Web Inquiry,,1/28/15,1/30/15,2,1,0,1000-2000,1496
83365,"NVA West Lawn Veterinary Management, Inc.",Pennsylvania,Jean Murphy,Practice Web Inquiry,,1/28/15,2/4/15,7,1,0,1000-2000,1862
109070,Equine Services LLC,Tennessee,Jennifer Stanton,Practice Web Inquiry,,1/28/15,2/4/15,7,1,0,1000-2000,1370
88236,"Saundra L Robinette, DVM, PLLC",Michigan,Sarah Mills,Trade Show,,1/28/15,2/11/15,14,1,0,1000-2000,1674
3848,"NVA Westover Veterinary Management, Inc.",Massachusetts,Sarah Mills,Practice Phone Inquiry,,1/28/15,2/13/15,16,1,0,0500-1000,612
80404,Graf Veterinary Associates,Oklahoma,Jennifer Stanton,Trade Show,,1/28/15,2/13/15,16,1,0,0-500,0
80170,"Animal Medical Services, PC",Indiana,Jennifer Stanton,Trade Show,,1/28/15,2/23/15,26,1,0,0500-1000,887
109471,County Animal Clinic,Ohio,Sarah Mills,Trade Show,,1/28/15,2/27/15,30,1,0,0-500,82
80089,"Country Oaks Animal Hospital and Kennel, Inc",Florida,Wendy Bouton,Trade Show,,1/27/15,3/23/15,55,1,0,0500-1000,555
87086,Sunset Animal Clinic LLC,Florida,Wendy Bouton,Trade Show,,1/26/15,2/5/15,10,1,0,2000-3000,2684
90424,"Miracle Hills Animal Hospital, PC",Nebraska,Jennifer Stanton,Practice Web Inquiry,,1/22/15,1/22/15,0,1,0,0500-1000,806
5587,"Vestal Veterinary Hospital, PC",New York,Jean Murphy,Trade Show,Webster/VetSource; VetStreet/Pet Portals,1/22/15,3/11/15,48,1,1,0-500,258
91061,"Kimberling Animal Hospital, PC",Missouri,Wendy Bouton,Practice Phone Inquiry,MWI/ProxyRx,1/13/15,1/30/15,17,1,1,1000-2000,1375
3737,"Wesley Chapel Veterinary Services, PLL",Florida,Wendy Bouton,,,1/13/15,5/28/15,135,0,0,0-500,0
108859,"Rachel Reedy DVM, Inc.",California,Jean Murphy,Trade Show,,1/12/15,1/15/15,3,1,0,0500-1000,936
88018,"Mountain States Equine, LLC",New Mexico,Jennifer Stanton,Manufacturer Referral,,1/12/15,1/22/15,10,0,0,0-500,0
108156,"Kevin D Ballard DVM, LLC",Utah,Sarah Mills,Trade Show,,1/12/15,2/4/15,23,1,0,0500-1000,720
5685,"Partners In Animal Wellness Services, LLC",Arizona,Jennifer Stanton,Practice Phone Inquiry,Webster/VetSource,1/12/15,2/12/15,31,1,1,0500-1000,740
108155,"Equine Therapies, PC",Massachusetts,Sarah Mills,Cold Call,,1/9/15,2/5/15,27,0,0,0-500,0
107594,Merritt & Associates Equine Hospital,Illinois,Melissa Lasher,Trade Show,Webster/VetSource,1/7/15,12/30/14,0,1,1,4000+,10533
83422,"Pet Partners of Lewiston, LLC",Maine,Sarah Mills,Cold Call,VetStreet/Pet Portals,1/7/15,1/8/15,1,0,1,1000-2000,1887
108151,"Fredonia Veterinary Clinic, SC",Wisconsin,Jennifer Stanton,Practice Phone Inquiry,,1/7/15,1/9/15,2,1,0,1000-2000,1596
108154,"Performance Equine Veterinary Services, LLC",Florida,Wendy Bouton,Trade Show,,1/7/15,2/17/15,41,1,0,2000-3000,2552
108738,"Jonathan Magid, DVM, MS, DACVIM",Texas,Jennifer Stanton,VFC List,,1/7/15,3/19/15,71,0,0,1000-2000,1308
2668,"Pet Partners of Camp Springs, LLC",Maryland,Brian Kelly,,,1/6/15,1/5/15,0,0,0,1000-2000,1745
108150,"Olympic Equine Veterinary Services, LLC",Washington,Jean Murphy,VFC List,,1/6/15,2/2/15,27,0,0,0500-1000,544
108152,"Williamsburg Veterinary Clinic, PLC",Virginia,Brian Kelly,Practice Web Inquiry,,1/6/15,2/4/15,29,1,0,0-500,108
108118,"BP Vet, Inc.",Massachusetts,Sarah Mills,Practice Web Inquiry,VetStreet/Pet Portals,1/6/15,2/5/15,30,1,1,1000-2000,1123
108589,"Buckeye Veterinary Clinic, LLC",Ohio,Sarah Mills,Practice Web Inquiry,,1/5/15,1/22/15,17,1,0,2000-3000,2413
87790,Bartow Animal Clinic,Florida,Wendy Bouton,VFC List,Butler/MyVetDirect,12/31/14,1/9/15,9,0,1,0500-1000,557
92182,Panorama Equine Medical and Surgical Center,California,Jean Murphy,Luitpold Pilot Practice,,12/30/14,1/29/15,30,0,0,1000-2000,1009
108011,Holly M Shine DVM,Pennsylvania,Jean Murphy,Trade Show,,12/29/14,12/31/14,2,1,0,0-500,455
95839,"Heartland Equine Health Center, LLC",Illinois,Sarah Mills,Trade Show,,12/29/14,1/6/15,8,1,0,1000-2000,1391
91993,"Plaza Veterinary Hospital, PLLC",North Carolina,Brian Kelly,Practice Referral,,12/29/14,1/14/15,16,1,0,0-500,303
92658,"Printz Veterinary Services, LLC",Ohio,Sarah Mills,Practice Web Inquiry,,12/29/14,1/26/15,28,1,0,0500-1000,870
85430,Pay It Forward PC,Iowa,Sarah Mills,Trade Show,,12/29/14,1/27/15,29,1,0,0-500,0
88836,Marilyn I. Schmidt DVM&F. Richard Lesser DVM PC,New York,Melissa Lasher,Trade Show,Butler/MyVetDirect,12/27/14,1/7/15,11,1,1,4000+,9432
85609,"Highlands Veterinary Center, Inc.",Virginia,Brian Kelly,Facebook Ad,VetStreet/Pet Portals,12/27/14,1/22/15,26,1,1,3000-4000,3686
83855,"Greene, Lewis & Associates, Inc.",Louisiana,Wendy Bouton,Trade Show,,12/24/14,1/12/15,19,1,0,1000-2000,1403
86986,"The Pony Express Veterinary Hospital, Inc.",Ohio,Sarah Mills,Trade Show,,12/23/14,1/28/15,36,1,0,0-500,305
83357,"Moss Veterinary Services, Inc.",Montana,Jennifer Stanton,Practice Web Inquiry,,12/23/14,2/2/15,41,1,0,0500-1000,798
80148,"Springboro Veterinary Hospital, Inc.",Ohio,Sarah Mills,Facebook Ad,,12/22/14,1/15/15,24,1,0,1000-2000,1962
81102,"Stack Veterinary Hospital, PLLC",New York,Wendy Bouton,Practice Phone Inquiry,,12/18/14,12/19/14,1,1,0,4000+,8762
91470,Lakeshore Veterinary Hospital & Pet Lodge A.P.V.M.C,Louisiana,Wendy Bouton,Facebook Ad,,12/18/14,12/29/14,11,1,0,4000+,5682
107612,"Pegasus Veterinary Center, PC",Arizona,Jennifer Stanton,,,12/18/14,1/28/15,41,0,0,2000-3000,2759
107593,"Mountainview Veterinary Service, PC",Montana,Jennifer Stanton,Trade Show,,12/18/14,3/5/15,77,1,0,0-500,308
107586,"Healthy Paws Housecalls, LLC",Indiana,Jennifer Stanton,Practice Referral,,12/17/14,1/14/15,28,1,0,0-500,11
92456,B EL Enterprises LLC,Ohio,Sarah Mills,Practice Web Inquiry,,12/16/14,1/5/15,20,1,0,1000-2000,1539
95876,"Bayville Animal Clinic, PC",New York,Jean Murphy,Facebook Ad,,12/16/14,1/7/15,22,1,0,1000-2000,1078
107701,Cinder Rock Veterinary Clinic,Oregon,Jean Murphy,,,12/16/14,1/14/15,29,0,0,0-500,120
107639,"RVR Mobile Veterinary Services, Inc.",California,Jean Murphy,VFC List,,12/15/14,1/29/15,45,0,0,0-500,63
83084,"McEver Veterinary Associates, LLC",Georgia,Wendy Bouton,Cold Call,,12/12/14,11/21/14,0,0,0,0500-1000,532
89607,"Murray County Vet Services, PC",Georgia,Wendy Bouton,Practice Web Inquiry,,12/12/14,12/30/14,18,1,0,0-500,205
107511,"House Pet Vet Visits, LLC",Washington,Jean Murphy,Practice Web Inquiry,,12/9/14,1/19/15,41,1,0,0-500,101
106612,"Boston Brain Bank, LLC",Florida,Wendy Bouton,Practice Web Inquiry,,12/8/14,11/26/14,0,1,0,1000-2000,1438
5119,"New York Veterinary Associates, PC",New York,Jean Murphy,,,12/4/14,12/4/14,0,0,0,1000-2000,1068
106800,Beaver Brook Animal Hospital,Connecticut,Sarah Mills,Practice Web Inquiry,,12/3/14,11/28/14,0,1,0,0500-1000,912
2507,"Bay Country Veterinary Management, LLC",Maryland,Brian Kelly,Trade Show,,12/3/14,11/28/14,0,1,0,2000-3000,2025
106799,Superior Veterinary Care,Nebraska,Jennifer Stanton,Practice Web Inquiry,,12/3/14,12/2/14,0,1,0,0-500,354
87813,"New York Veterinary Associate, PC",New York,Sarah Mills,VFC List,,12/3/14,12/3/14,0,0,0,2000-3000,2169
96021,"Equine Veterinary Associates, LLC",Ohio,Sarah Mills,Luitpold Pilot Practice,Webster/VetSource,12/3/14,12/9/14,6,0,1,3000-4000,3680
2147,Cass Veterinary Hospital,Illinois,Sarah Mills,,,12/3/14,12/11/14,8,0,0,1000-2000,1334
104395,Roanoke Animal Hospital,North Carolina,Brian Kelly,Lead List,,12/3/14,1/26/15,54,0,0,0500-1000,930
88638,"Veterinary Management Group, LLC",Georgia,Wendy Bouton,Practice Referral,,12/2/14,11/25/14,0,1,0,1000-2000,1487
83486,Jeffrey LaHuis DVM PC,Michigan,Sarah Mills,Practice Phone Inquiry,,12/2/14,12/12/14,10,1,0,1000-2000,1679
94004,Kindred Spirits Veterinary Clinic,Maine,Sarah Mills,Practice Web Inquiry,,12/2/14,1/7/15,36,1,0,4000+,5307
10153,"Tri-County Mobile Veterinary Clinic, PLLC",Michigan,Sarah Mills,Practice Phone Inquiry,,12/1/14,11/24/14,0,1,0,1000-2000,1755
82342,"Northwest Veterinary Associates, LLC",Georgia,Wendy Bouton,Practice Referral,,12/1/14,11/24/14,0,1,0,0-500,330
106653,"Twin Peaks Veterinary Clinic, LTD",Colorado,Jean Murphy,Practice Web Inquiry,,12/1/14,11/26/14,0,1,0,0-500,155
94355,Back Bay Veterinary Clinic,Massachusetts,Sarah Mills,Practice Phone Inquiry,,12/1/14,1/29/15,59,1,0,2000-3000,2463
2523,Conejo Valley Veterinary Hospital,California,Jean Murphy,Trade Show,Webster/VetSource,11/21/14,11/12/14,0,1,1,4000+,6290
106104,"Pet Partners of Auburn, LLC",Massachusetts,Sarah Mills,Practice Referral,VetStreet/Pet Portals,11/20/14,10/21/14,0,1,1,0-500,425
106374,"Pet Partners of Port Richey, LLC",Florida,Wendy Bouton,Trade Show,Webster/VetSource,11/20/14,11/3/14,0,1,1,2000-3000,2501
89849,"Pet Partners of Lutz, LLC",Florida,Wendy Bouton,Trade Show,,11/20/14,11/3/14,0,1,0,2000-3000,2150
106579,"Companion Home Pet Care, LLC",Colorado,Jean Murphy,Practice Web Inquiry,,11/20/14,11/18/14,0,1,0,0-500,157
80734,Stillwater Equine Veterinary Clinic,Minnesota,Sarah Mills,Business Meeting,,11/20/14,11/20/14,0,0,0,0-500,0
2894,"NVA Poquoson Veterinary Management, Inc.",Virginia,Brian Kelly,,VetStreet/Pet Portals,11/20/14,12/9/14,19,0,1,1000-2000,1690
3436,"NVA Vienna Animal Managment, Inc.",Virginia,Brian Kelly,,,11/20/14,12/17/14,27,0,0,4000+,4309
84028,Nutley Animal Hospital,New Jersey,Jean Murphy,Practice Web Inquiry,,11/20/14,12/22/14,32,1,0,4000+,5360
95414,"Covered Bridge Equine, PC",Georgia,Wendy Bouton,Trade Show,,11/19/14,11/19/14,0,1,0,0500-1000,966
106703,Allegheny Veterinary Hospital,Pennsylvania,Jean Murphy,Practice Phone Inquiry,,11/19/14,2/5/15,78,1,0,0-500,89
92943,Fair Grove Veterinary Service,Missouri,Wendy Bouton,Cold Call,Webster/VetSource,11/14/14,11/19/14,5,0,1,0-500,274
106567,Salazar Medical Services,Maryland,Brian Kelly,Practice Phone Inquiry,,11/12/14,12/12/14,30,1,0,0-500,0
4692,"John R. Kendrew, DVM, PC",Pennsylvania,Jean Murphy,,,11/10/14,11/11/14,1,0,0,4000+,6101
81992,"Rock Bridge Animal Hospital, PC",Missouri,Wendy Bouton,VFC List,,11/10/14,11/26/14,16,0,0,0500-1000,920
85866,Maine Coast Veterinary Hospital and Deer Isle Veterinary Clinic,Maine,Sarah Mills,Cold Call,,11/10/14,2/25/15,107,0,0,0500-1000,843
106298,The Cat Clinic of Greenville,South Carolina,Wendy Bouton,Practice Web Inquiry,,11/6/14,10/30/14,0,1,0,1000-2000,1578
106432,Local Mobile Veterinary Service,North Carolina,Brian Kelly,Practice Phone Inquiry,,11/5/14,11/6/14,1,1,0,0500-1000,876
84448,Hartland Animal Hospital,Kentucky,Brian Kelly,VFC List,,11/5/14,11/13/14,8,0,0,1000-2000,1739
106019,Atlanta Pet Care Center Inc.,Georgia,Wendy Bouton,Practice Web Inquiry,,11/4/14,10/17/14,0,1,0,0-500,118
106101,Animal Health Center of Marion County,Kansas,Jennifer Stanton,Trade Show,,11/4/14,2/10/15,98,1,0,0-500,290
5075,"Olive Price, LLC",Georgia,Wendy Bouton,Lead List,,11/3/14,11/4/14,1,0,0,1000-2000,1646
94401,Southern Pines Equine Associates,North Carolina,Brian Kelly,Luitpold Pilot Practice,,11/3/14,11/19/14,16,0,0,4000+,12249
93802,"Avalon Veterinary Clinic, LLC",Florida,Wendy Bouton,Trade Show,,10/31/14,9/4/14,0,1,0,1000-2000,1685
94967,OAMG Inc.,Nebraska,Jennifer Stanton,Practice Web Inquiry,,10/31/14,10/24/14,0,1,0,0-500,302
106208,Foxwood Equine Sports Medicine PLLC,Kentucky,Melissa Lasher,Trade Show,,10/31/14,11/3/14,3,1,0,4000+,5097
81072,NVA Kruger Animal Hospital,Illinois,Sarah Mills,Trade Show,,10/31/14,11/19/14,19,1,0,0500-1000,878
96564,"North Face Equine Services, PLC",Michigan,Sarah Mills,Trade Show,,10/31/14,12/4/14,34,1,0,2000-3000,2815
106359,"SunSpirit Farm & Veterinary Services, Inc.",Florida,Wendy Bouton,Trade Show,,10/30/14,11/3/14,4,1,0,0-500,399
106355,"Derby City Veterinary Services, LLC",Kentucky,Brian Kelly,Practice Web Inquiry,,10/30/14,12/10/14,41,1,0,1000-2000,1567
106346,"Mills Veterinary Service, LLC",Kansas,Jennifer Stanton,Practice Phone Inquiry,,10/29/14,10/17/14,0,1,0,0-500,0
106267,"Mt. Laramie Veterinary Services, Inc.",California,Jean Murphy,Practice Web Inquiry,,10/24/14,10/20/14,0,1,0,0500-1000,934
101050,Mountain Pointe Equine Veterinary Services,New Jersey,Jean Murphy,Trade Show,,10/24/14,11/3/14,10,1,0,0500-1000,682
4626,The Hamilton-Wenham Veterinary Hospital,Massachusetts,Sarah Mills,Cold Call,,10/24/14,1/30/15,98,0,0,2000-3000,2300
106127,Bay Rivers Veterinary Services,Virginia,Brian Kelly,Practice Web Inquiry,,10/15/14,10/17/14,2,1,0,0-500,86
94328,Whitespot Veterinary Associates PC,Vermont,Sarah Mills,Practice Phone Inquiry,,10/15/14,10/29/14,14,1,0,4000+,6255
106033,Val Verde Animal Hospital,Nebraska,Jennifer Stanton,Cold Call,VetStreet/Pet Portals,10/10/14,10/17/14,7,0,1,0500-1000,953
106038,"Whispering Pines Veterinary Care, LLC",Wisconsin,Jennifer Stanton,Business Meeting,,10/10/14,10/20/14,10,0,0,1000-2000,1453
105995,"DVN Veterinary Services, Inc.",Florida,Wendy Bouton,Practice Referral,,10/10/14,10/23/14,13,1,0,4000+,4458
105440,"Pet Partners of Allentown, LLC",Pennsylvania,Jean Murphy,Partner Referral,VetStreet/Pet Portals,10/2/14,10/20/14,18,0,1,4000+,4011
95727,Caring Hands Veterinary Hospital,Colorado,Jean Murphy,Cold Call,,9/30/14,10/28/14,28,0,0,1000-2000,1543
105721,Loyal Family Veterinary Hospital,Washington,Jean Murphy,Practice Phone Inquiry,Webster/VetSource,9/25/14,3/19/15,175,1,1,0500-1000,532
105662,Jetmore Veterinary Service,Kansas,Jennifer Stanton,Trade Show,,9/23/14,9/24/14,1,1,0,0-500,0
85360,NVA Quail Hollow Animal Hospital,Florida,Wendy Bouton,,,9/19/14,9/16/14,0,0,0,1000-2000,1525
3208,Richland Veterinary Hospital,Pennsylvania,Jean Murphy,,,9/16/14,8/25/14,0,0,0,0500-1000,605
85206,Westgate Animal Hospital,Wisconsin,Jennifer Stanton,,,9/16/14,10/1/14,15,0,0,0500-1000,638
82044,Smoky Hill Veterinary Clinic,Colorado,Jean Murphy,,,9/16/14,11/3/14,48,0,0,1000-2000,1284
98816,Boone Animal Hospital,Illinois,Sarah Mills,Cold Call,,9/16/14,12/12/14,87,0,0,0500-1000,534
88126,Avenue of the Saints Animal Hospital,Iowa,Sarah Mills,Trade Show,,9/15/14,9/23/14,8,1,0,1000-2000,1444
105340,Mobile Animal Hospital Inc,Missouri,Wendy Bouton,Trade Show,,9/10/14,9/16/14,6,1,0,0-500,482
3391,Animal Care Clinic,Missouri,Wendy Bouton,,,9/9/14,9/19/14,10,0,0,2000-3000,2027
82722,Blue Hills Animal Hospital P.A.,Kansas,Jennifer Stanton,Trade Show,,9/9/14,9/29/14,20,1,0,0-500,301
3741,Montclair Animal Hospital,New Jersey,Jean Murphy,,,9/9/14,11/21/14,73,0,0,0-500,176
105306,South Shore Animal Hospital,Kansas,Jennifer Stanton,Trade Show,,9/4/14,9/12/14,8,1,0,0500-1000,684
102179,Bellamy Road Vet Services,Florida,Wendy Bouton,Trade Show,,9/3/14,8/14/14,0,1,0,0500-1000,513
105261,Nebraska Equine Veterinary Clinic,Nebraska,Melissa Lasher,Luitpold Pilot Practice,Webster/VetSource,9/2/14,9/5/14,3,0,1,1000-2000,1853
3740,Verona Animal Hospital,New Jersey,Jean Murphy,,,8/29/14,11/21/14,84,0,0,0-500,0
94190,Moraine Grove Veterinary Clinic,Pennsylvania,Jean Murphy,Practice Phone Inquiry,,8/28/14,9/16/14,19,1,0,0-500,395
5448,4 Paws Veterinary Clinic,Pennsylvania,Jean Murphy,,,8/27/14,8/27/14,0,0,0,0-500,103
102153,All Pets Clinic,Florida,Wendy Bouton,Trade Show,,8/27/14,8/28/14,1,1,0,0-500,493
87286,Lake Norman Animal Hospital,North Carolina,Brian Kelly,Trade Show,,8/27/14,9/16/14,20,1,0,0500-1000,568
105229,Friends Animal Hospital,Pennsylvania,Jean Murphy,Practice Web Inquiry,MWI/ProxyRx,8/25/14,9/18/14,24,1,1,3000-4000,3108
2860,Bayside Animal Hospital,Maryland,Brian Kelly,,,8/18/14,9/9/14,22,0,0,0500-1000,641
102217,Mountain Springs Veterinary Clinic,Washington,Jean Murphy,,,8/14/14,8/18/14,4,0,0,0-500,0
4924,Cats on Broadway Hospital,Montana,Jennifer Stanton,,,8/13/14,7/30/14,0,0,0,0-500,178
102138,Noah's Landing Pet Care Clinic LLC,Indiana,Jennifer Stanton,Trade Show,,8/11/14,8/15/14,4,1,0,2000-3000,2408
100988,Associates in Veterinary Medicine & Surgery,Florida,Wendy Bouton,Lead List,,8/8/14,8/11/14,3,0,0,0-500,378
99297,Wellswood Midtown Animal Hospital,Florida,Wendy Bouton,Trade Show,,8/8/14,8/14/14,6,1,0,0500-1000,793
4059,"Best Friends Pet Doctor, Inc.",Florida,Wendy Bouton,,,8/6/14,7/30/14,0,0,0,0500-1000,615
102008,"Country Lakes Animal Clinic, LLC",New Jersey,Jean Murphy,Lead List,,8/6/14,9/5/14,30,0,0,1000-2000,1132
4123,At Home Veterinary Service,Florida,Wendy Bouton,,,8/1/14,7/29/14,0,0,0,0-500,0
3983,Veterinary Associates of Cape Cod,Massachusetts,Sarah Mills,Trade Show,VetStreet/Pet Portals,7/31/14,4/28/14,0,1,1,4000+,13275
93805,"Countryside Animal Clinic, Inc.",Florida,Wendy Bouton,Lead List,,7/30/14,8/14/14,15,0,0,4000+,7313
89647,Wisconsin Equine Clinic & Hospital,Wisconsin,Melissa Lasher,Luitpold Pilot Practice,MWI/ProxyRx,7/25/14,8/13/14,19,0,1,4000+,9893
101505,"River Rock Animal Hospital, PLLC",Michigan,Sarah Mills,Practice Phone Inquiry,,7/24/14,8/1/14,8,1,0,0-500,0
101699,Emory Animal Hospital,Tennessee,Jennifer Stanton,Practice Web Inquiry,VetStreet/Pet Portals,7/23/14,7/24/14,1,1,1,4000+,5558
1997,Blue Barn Enterprises LLC,Pennsylvania,Jean Murphy,,,7/22/14,9/26/14,66,0,0,2000-3000,2438
87720,Lewisburg Animal Hospital,Tennessee,Jennifer Stanton,Trade Show,,7/21/14,7/23/14,2,1,0,0500-1000,643
5320,NVA Minooka Animal Hospital,Illinois,Sarah Mills,,,7/9/14,6/24/14,0,0,0,0500-1000,646
101353,Brodhead Veterinary Medical Center,Wisconsin,Jennifer Stanton,Practice Web Inquiry,VetStreet/Pet Portals,7/9/14,7/9/14,0,1,1,1000-2000,1856
83508,"Beechwold Veterinary Hospital, Inc.",Ohio,Sarah Mills,,,7/8/14,7/16/14,8,0,0,4000+,5088
100923,"Erin Byrd, PLLC",North Carolina,Brian Kelly,,,7/7/14,7/25/14,18,0,0,2000-3000,2176
101188,Tender Touch Mobile Veterinary Care,North Carolina,Brian Kelly,Practice Web Inquiry,,7/1/14,7/15/14,14,1,0,0500-1000,586
86873,West Palm Animal Clinic,Florida,Wendy Bouton,Trade Show,,7/1/14,8/28/14,58,1,0,2000-3000,2159
84207,East Shelbyville Animal Clinic,Kentucky,Brian Kelly,Trade Show,,6/27/14,6/13/14,0,1,0,0500-1000,985
87802,"Lanier Veterinary Associates, LLC",Georgia,Wendy Bouton,Trade Show,,6/27/14,6/25/14,0,1,0,1000-2000,1322
101114,Healthy Paws Veterinary Clinic,Wisconsin,Jennifer Stanton,Practice Web Inquiry,,6/27/14,7/25/14,28,1,0,2000-3000,2350
100906,Washington Family Vet Clinic,Utah,Sarah Mills,Trade Show,,6/19/14,6/23/14,4,1,0,1000-2000,1489
85990,"Heartland Pet Hospital & Mobile Practice, PC",Iowa,Sarah Mills,Practice Web Inquiry,,6/9/14,6/11/14,2,1,0,0-500,175
100469,Countryside Veterinary Center,Illinois,Sarah Mills,,,6/6/14,6/4/14,0,0,0,1000-2000,1210
2676,PetDocks Veterinary Hospital,North Carolina,Brian Kelly,,,6/6/14,6/24/14,18,0,0,2000-3000,2041
92506,Brook Farm Veterinary Center,New York,Jean Murphy,Practice Phone Inquiry,,6/6/14,6/26/14,20,1,0,1000-2000,1579
100422,"Eastgate Veterinary Clinic, PC",Montana,Jennifer Stanton,Trade Show,,5/30/14,6/24/14,25,1,0,0-500,63
99729,Brighton Animal Clinic LLC,Kentucky,Brian Kelly,Trade Show,Webster/VetSource,5/29/14,5/15/14,0,1,1,4000+,8599
94257,Cloverfield Veterinary Hospital,North Carolina,Brian Kelly,Practice Web Inquiry,,5/15/14,5/13/14,0,1,0,0-500,161
81541,Intermountain Pet Hospital,Idaho,Melissa Lasher,Trade Show,MWI/ProxyRx,5/15/14,5/20/14,5,1,1,4000+,11240
82164,"Oxford Veterinary Hospital, LLC",Pennsylvania,Jean Murphy,Trade Show,MWI/ProxyRx,5/13/14,5/13/14,0,1,1,0500-1000,790
99694,Pet Medical Center,Tennessee,Jennifer Stanton,Trade Show,,5/13/14,5/16/14,3,1,0,0500-1000,564
91042,Windhover Veterinary Center PC,Massachusetts,Sarah Mills,Lead List,,5/8/14,5/19/14,11,0,0,1000-2000,1407
99572,Avery Animal Hospital,Ohio,Sarah Mills,Cold Call,,5/8/14,5/29/14,21,0,0,4000+,8211
79598,"Pet Vet Care Centers of Massachusetts, Inc.",Massachusetts,Sarah Mills,,,5/6/14,6/4/14,29,0,0,1000-2000,1432
99419,Pekin Animal Hospital,Illinois,Sarah Mills,,,4/27/14,5/1/14,4,0,0,2000-3000,2398
2917,Independence Veterinary Clinic,North Carolina,Brian Kelly,Trade Show,,4/22/14,4/23/14,1,1,0,3000-4000,3547
3522,NVA Downtown Veterinary Medical Hospitals,New York,Jean Murphy,Cold Call,,4/22/14,5/7/14,15,0,0,1000-2000,1721
79520,The Woodlands Veterinary Services,Texas,Jennifer Stanton,Practice Phone Inquiry,Butler/MyVetDirect,4/16/14,4/7/14,0,1,1,4000+,8334
79813,Crocker and Talmadge Veterinary Corp.,Ohio,Sarah Mills,Trade Show,Webster/VetSource,4/16/14,4/10/14,0,1,1,4000+,28187
79858,Frankfort Animal Clinic,Illinois,Sarah Mills,Lead List,,4/14/14,4/3/14,0,0,0,0-500,410
79847,Animal Care Center of St. John,Indiana,Jennifer Stanton,,,4/14/14,4/3/14,0,0,0,1000-2000,1041
79840,Forest South Animal Hospital,Illinois,Sarah Mills,Lead List,,4/14/14,4/11/14,0,0,0,1000-2000,1642
75320,Midwest Animal Hospital,Illinois,Sarah Mills,,,4/14/14,4/13/14,0,0,0,4000+,5815
99038,K9 Fitness & Wellness Mobile Vet,North Carolina,Brian Kelly,Trade Show,,4/13/14,4/22/14,9,1,0,0-500,118
98858,The Woodlands Veterinary Services,Texas,Jennifer Stanton,,,4/13/14,4/23/14,10,0,0,2000-3000,2801
99041,McKays Mill Animal Hospital,Tennessee,Jennifer Stanton,Trade Show,,4/13/14,5/9/14,26,1,0,2000-3000,2392
99040,Cattleman's Resource,Colorado,Jean Murphy,Trade Show,,4/13/14,7/25/14,103,1,0,0-500,105
98965,"Dodgeville Veterinary Service, S.C.",Wisconsin,Jennifer Stanton,Trade Show,,4/11/14,4/23/14,12,1,0,1000-2000,1330
98978,Blue Oasis Pet Hospital,Tennessee,Jennifer Stanton,Trade Show,,4/10/14,4/15/14,5,1,0,2000-3000,2668
98990,"Emerald Coast Equine, LLC",Florida,Wendy Bouton,Lead List,,4/10/14,4/22/14,12,0,0,2000-3000,2331
98938,Tipp City Veterinary Hospital,Ohio,Sarah Mills,Trade Show,Webster/VetSource,4/9/14,4/23/14,14,1,1,4000+,7671
79419,Animal Hospital and Laser Center of South Carolina,South Carolina,Wendy Bouton,Lead List,Webster/VetSource,3/28/14,3/14/14,0,0,1,2000-3000,2589
79746,"Vetcare Montana, LLC",Montana,Jennifer Stanton,Trade Show,,3/25/14,3/26/14,1,1,0,1000-2000,1040
79660,Malvern Veterinary Hospital,Pennsylvania,Jean Murphy,Cold Call,,3/24/14,3/14/14,0,0,0,1000-2000,1486
5900,Village Park Animal Hospital,California,Jean Murphy,Trade Show,,3/24/14,4/11/14,18,1,0,0-500,413
78432,Willow Animal Hospital,Wisconsin,Jennifer Stanton,Trade Show,,3/22/14,3/3/14,0,1,0,0-500,462
78939,"Animal Care Center of Chicago, LLC",Illinois,Sarah Mills,,,3/20/14,4/13/14,24,0,0,3000-4000,3550
79591,Healthy Paws for a Cause,Georgia,Wendy Bouton,Practice Phone Inquiry,,3/18/14,3/19/14,1,1,0,1000-2000,1556
5726,Highland Park Animal Clinic,Kansas,Jennifer Stanton,Trade Show,,3/18/14,3/31/14,13,1,0,0500-1000,587
79312,"WhiteStone Equine Services, PLLC",Iowa,Sarah Mills,Trade Show,,3/11/14,3/13/14,2,1,0,1000-2000,1221
78948,Chuckanut Valley Veterinary Clinic,Washington,Jean Murphy,Trade Show,MWI/ProxyRx,3/10/14,4/14/14,35,1,1,0-500,22
3342,"Medicine Man Veterinary Hospital, PLLC",North Carolina,Brian Kelly,Trade Show,,3/9/14,2/5/14,0,1,0,0500-1000,603
79225,Taylor Veterinary Hospital,California,Jean Murphy,Practice Phone Inquiry,,3/9/14,3/28/14,19,1,0,2000-3000,2656
79132,Ashland Road Animal Clinic,Ohio,Sarah Mills,Trade Show,,3/5/14,3/11/14,6,1,0,0500-1000,509
5405,Country Hills Pet Hospital,Wisconsin,Jennifer Stanton,,,3/5/14,3/11/14,6,0,0,0500-1000,881
78862,Louisville Integrative Veterinary Services,Kentucky,Brian Kelly,Practice Web Inquiry,,2/24/14,3/3/14,7,1,0,0-500,0
4750,Animal Hospital of Sun Prairie,Wisconsin,Jennifer Stanton,Trade Show,,2/24/14,3/6/14,10,1,0,0-500,0
77718,The Cats on Commerce,Tennessee,Jennifer Stanton,Practice Phone Inquiry,,2/16/14,2/27/14,11,1,0,0500-1000,675
5340,State College Veterinary Hospital,Pennsylvania,Jean Murphy,Practice Phone Inquiry,,2/16/14,3/6/14,18,1,0,0500-1000,760
77812,"Art and Science Veterinary Services, LLC",Iowa,Sarah Mills,Cold Call,,2/13/14,2/20/14,7,0,0,1000-2000,1058
78065,Kraft Mobile Veterinary Clinic,North Dakota,Sarah Mills,Practice Phone Inquiry,,2/13/14,2/25/14,12,1,0,1000-2000,1684
78513,Perkins Road Veterinary Hospital,Louisiana,Wendy Bouton,Practice Web Inquiry,,2/12/14,2/27/14,15,1,0,0-500,350
78471,Westside Veterinary Clinic,Kansas,Jennifer Stanton,Practice Phone Inquiry,,2/12/14,3/3/14,19,1,0,1000-2000,1170
78407,Crossings Animal Hospital,Tennessee,Jennifer Stanton,Trade Show,,2/11/14,2/11/14,0,1,0,0-500,48
78451,Couture Associates PA,South Carolina,Wendy Bouton,Trade Show,,2/11/14,3/10/14,27,1,0,0500-1000,786
2151,Animal Medical Center of Middletown,Kentucky,Brian Kelly,,,2/9/14,1/8/14,0,0,0,0500-1000,790
78284,Carter Mobile Animal Care,North Carolina,Brian Kelly,Practice Phone Inquiry,,2/9/14,3/4/14,23,1,0,0500-1000,884
78157,The Completely Cat Clinic,Nebraska,Jennifer Stanton,Cold Call,,2/5/14,2/26/14,21,0,0,0-500,0
77979,4th Street Pet Hospital,Florida,Wendy Bouton,Practice Phone Inquiry,,2/1/14,2/7/14,6,1,0,0-500,0
77836,Harbourside Animal Hospital,Florida,Wendy Bouton,,,1/29/14,1/30/14,1,0,0,0500-1000,676
77822,The Home Vet,New York,Jean Murphy,Practice Web Inquiry,,1/28/14,2/5/14,8,1,0,0500-1000,675
3346,Animal Care Center of Weeki Wachee,Florida,Wendy Bouton,,,1/6/14,11/20/14,318,0,0,1000-2000,1014